@ARTICLE{W3C03,
author = {Ron Ausbrooks and Stephen Buswell and David Carlisle and Stephane Dalmas and
Stan Devitt and Angel Diaz and Max Froumentin and Roger Hunter and Patrick
Ion and Michael Kohlhase and Robert Miner and Nico Poppelier and Bruce Smith and
Neil Soiffer and Robert Sutor and Stephen Watt},
title = {{Mathematical Markup
Language (MathML) version 2.0 (second edition)}},
journal = {W3C recommendation, World Wide Web Consortium (W3C)},
year = {2003}
}

@ARTICLE{SKG,
author = {Heinrich Stamerjohanns and Michael Kohlhase and Deyan Ginev and Catalin David and Bruce Miller},
title  = {{Transforming large collections of scientific publications to XML}},
journal = {Mathematics in Computer Science},
year = {2010}
}

@ARTICLE{SMGLOM,
author = {Deyan Ginev and Mihnea Iancu and Constantin Jucovschi and Andrea Kohlhase and Michael Kohlhase and Heinz Kroger and Jurgen Schefter and Wolfram Sperber},
title  = {{The SMGloM Project and System}}
}

@ARTICLE{NS10,
author = {Arnold Neumaier and Peter Schodl},
title  = {{A framework for representing and processing arbitrary mathematics}},
journal = {{In Proceedings of the International Conference on Knowledge Engineering and Ontology Development}}
}

@ARTICLE{KMW04,
author = {Fairouz Kamareddine and Manuel Maarek and Joe B. Wells},
title  = {{MathLang: An experience driven language of mathematics}},
journal = {{Electronic Notes in Theoretical Computer Science 93C}}
}

@ARTICLE{HR10,
author = {Muhammad Humayoun and Christophe Raffalli},
title  = {{Mathnat - mathematical text in a controlled natural language}},
journal = {{Special issue: Natural Language Processing and its Applications}}
}

@ARTICLE{CKS11,
author = {Marcos Cramer and Peter Koepke and Bernhard Schroder},
title  = {{Parsing and disambiguation of symbolic mathematics in the naproche system}}
}


@ARTICLE{Bru07,
author = {Bruce Miller},
title = {{LaTeXML: A LaTeX to XML converter.
Web Manual at }\url{http://dlmf.nist.gov/LaTeXML}{, seen November 2015}},
}


@ARTICLE{MWS12,
author = {Hambasan Radu and Corneliu C. Prodescu and Michael Kohlhase},
title = {{MathWebSearch at NTCIR-11}},
year={2014}
}

@ARTICLE{DEYAN11,
author = {Deyan Ginev and Michael Kohlhase and Magdalena Wolska},
title = {{The Structure of Mathematical Expressions}},
year={2011}
}

@ARTICLE{KOLLSG,
author = {Alexander Koller},
title = {{Semantic construction with S-graph grammars}},
}

@ARTICLE{Jeff,
author = {Jeffrey Kegler},
title = {{The Marpa parser.
Web Manual at }\url{https://jeffreykegler.github.io/Marpa-web-site/}{, seen November 2015}},
}


@ARTICLE{OMDOC,
author = {Michael Kohlhase},
title = {{OMDoc - An open markup format for mathematical documents (Version 1.2)}}
journal = {Number 4180 in LNAI. Springer Verlag},
year = {2006}
}

@ARTICLE(ArXiv,
title = {{ArXiV Online}},
journal = {URL, as seen November 2015, http://arxiv.org},
year = {2015}
)

@ARTICLE(MWSHarvest,
title = {{MwsHarvest, URL: https://trac.mathweb.org/
MWS/wiki/MwsHarvest (seen November 2015)}},
year = {2015}
)

@ARTICLE(Sally,
author = {Catalin David and Constantin Jucovschi and Andrea Kohlhase and Michael Kohlhase},
title = {{SAlly:A Framework for Semantic Allies}}
)

@ARTICLE{LWP,
title = {{LWP - The World-Wide Web library for Perl, URL: http://search.cpan.org/dist/libwww-perl/lib/LWP.pm, seen November 2015}},
year = {2015}
}

@ARTICLE{ApacheCamel,
title = {{Apache Camel, URL: http://camel.apache.org/, seen November 2015}},
year = {2015}
}

@ARTICLE{smglom,
title = {{The SMGloM Project and System}},
author = {Deyan Ginev and and Mihnea Iancu and Constantin Jucovshi and Andrea Kohlhase and Michael Kohlhase and Heinz Kroger and Jurgen Schefter and Wolfram Sperber}
}

@ARTICLE{MMT,
author = {Florian Rabe},
title = {{The MMT API: A Generic MKM System}}
}

@misc{marpaComparison,
  author = {Jeffrey Kegler},
  title = {{Marpa v. Perl regexes: some numbers}},
  howpublished = "\url{http://blogs.perl.org/users/jeffrey_kegler/2011/11/marpa-v-perl-regexes-some-numbers.html}",
  year = {2011}, 
  note = "[Online; accessed 19-April-2016]"
}

@misc{marpaParser,
  author = {Jeffrey Kegler},
  title = {{The Marpa Parser}},
  howpublished = "\url{https://jeffreykegler.github.io/Marpa-web-site/}",
  note = "[Online; accessed 19-April-2016]"
}